% This file was created with JabRef 2.7b.
% Encoding: UTF-8

@INPROCEEDINGS{BRM10,
  author = {Mario M. Berón and Daniel Riesco and Germán Montejano},
  title = {Estrategias para Facilitar la Comprensión de Programas},
  year = {2010},
  address = {San Luis, Argentina},
  month = {April},
  file = {BRM10.pdf:BRM10.pdf:PDF}
}

@ARTICLE{vonmayrhauser1995pcd,
  author = {Von Mayrhauser, A. and Vans, A. M.},
  title = {Program comprehension during software maintenance and evolution},
  journal = {Computer},
  year = {1995},
  volume = {28},
  pages = {44--55},
  number = {8},
  file = {vonmayrhauser1995pcd.pdf:vonmayrhauser1995pcd.pdf:PDF}
}

