% This file was created with JabRef 2.7b.
% Encoding: UTF-8

@BOOK{AHUL06,
  title = {Compilers: Principles, Techniques, and Tools (2nd Edition)},
  publisher = {Addison Wesley},
  year = {2006},
  author = {Aho, Alfred V. and Lam, Monica S. and Sethi, Ravi and Ullman, Jeffrey
	D.},
  month = {August},
  added-at = {2009-05-19T18:00:18.000+0200},
  biburl = {http://www.bibsonomy.org/bibtex/2c3bc558a481f3cf0445068988a80f1b2/earthfare},
  citeulike-article-id = {1033375},
  description = {CiteULike: Everyone's library},
  howpublished = {Hardcover},
  interhash = {6bc8d88ce1094de53ec7ec47b7ba4973},
  intrahash = {c3bc558a481f3cf0445068988a80f1b2},
  isbn = {0321486811},
  keywords = {compilers},
  posted-at = {2009-05-19 16:04:16},
  priority = {2},
  timestamp = {2009-05-19T18:00:18.000+0200},
  url = {http://www.amazon.ca/exec/obidos/redirect?tag=citeulike09-20\&amp;path=ASIN/0321486811}
}

@BOOK{AAJU83,
  title = {Data structures and algorithms / Alfred V. Aho, John E. Hopcroft,
	Jeffrey D. Ullman},
  publisher = {Addison-Wesley Reading, Mass},
  year = {1983},
  author = { Aho, Alfred V. and Ullman, Jeffrey D. and Hopcroft, John E.},
  pages = { xi, 427 p. : },
  catalogue-url = { http://nla.gov.au/nla.cat-vn264062 },
  file = {AAJU83.pdf:AAJU83.pdf:PDF},
  isbn = { 0201000237 },
  language = { English },
  life-dates = { 1983 - },
  subjects = { Data structures (Computer science); Computer algorithms. },
  type = { Book }
}

@INPROCEEDINGS{THBE99,
  author = {Ball, Thomas},
  title = {The Concept of Dynamic Analysis.},
  booktitle = {ESEC / SIGSOFT FSE},
  year = {1999},
  editor = {Nierstrasz, Oscar and Lemoine, Michel},
  volume = {1687},
  series = {{Lecture Notes in Computer Science}},
  pages = {216–234},
  publisher = {Springer},
  added-at = {2011-06-20T00:00:00.000+0200},
  biburl = {http://www.bibsonomy.org/bibtex/2e519f1a40dda98261bfe692bdcbd310c/dblp},
  ee = {http://dx.doi.org/10.1007/3-540-48166-4_14},
  file = {THBE99.pdf:THBE99.pdf:PDF},
  interhash = {bdc3d285278e974f68b6810c5d3eacc0},
  intrahash = {e519f1a40dda98261bfe692bdcbd310c},
  isbn = {3-540-66538-2},
  keywords = {dblp},
  url = {http://dblp.uni-trier.de/db/conf/esec/esec99.html#Ball99},
  x-fetchedfrom = {Bibsonomy}
}

@INPROCEEDINGS{KBVR00,
  author = {Bennett, K. and Rajlich, V.},
  title = {Software maintenance and evolution: a roadmap.},
  booktitle = {{ICSE} - Future of {SE} Track},
  year = {2000},
  pages = {73–87},
  added-at = {2008-07-07T16:45:32.000+0200},
  biburl = {http://www.bibsonomy.org/bibtex/2f487953f6dc656b83b63be3f7286b8cd/pdeleenh},
  file = {KBVR00.pdf:KBVR00.pdf:PDF},
  interhash = {7bc729c513c95e8262067b371b3ecd55},
  intrahash = {f487953f6dc656b83b63be3f7286b8cd},
  keywords = {imported},
  owner = {pdeleenh},
  timestamp = {2008.05.14},
  x-fetchedfrom = {Bibsonomy}
}

@PHDTHESIS{MBPHRU10,
  author = {M. Beron and P. Henriques and R. Uzal},
  title = {Inspección de Programas para Interconectar las Vistas Comportamentaly
	Operacional para la Comprensión de Programas.},
  school = {Universidade do Minho},
  year = {2010},
  address = {Braga. Portugal},
  file = {MBPHRU10.pdf:MBPHRU10.pdf:PDF}
}

@INPROCEEDINGS{MPMR07,
  author = {Ber{\'o}n, Mario and Henriques, Pedro and Pereira, Maria Jo{\~a}o
	and Uzal, Roberto},
  title = {Program inspection to interconnect behavioral and operational view
	for program comprehension},
  year = {2007},
  publisher = {University of York},
  file = {MPMR07.pdf:MPMR07.pdf:PDF},
  institution = {National University of San Luis \& University of Minho}
}

@INPROCEEDINGS{BRM10,
  author = {Ber{\'o}n, Mario and Riesco, Daniel Eduardo and Montejano, Germ{\'a}n
	Antonio and Henriques, Pedro Rangel and Pereira, Maria J},
  title = {Estrategias para facilitar la comprensi{\'o}n de programas},
  booktitle = {XII Workshop de Investigadores en Ciencias de la Computaci{\'o}n},
  year = {2010},
  file = {BRM10.pdf:BRM10.pdf:PDF}
}

@ARTICLE{DMDJ13,
  author = {Binkley, Dave and Davis, Marcia and Lawrie, Dawn and Maletic, Jonathan
	and Morrell, Christopher and Sharif, Bonita},
  title = {The impact of identifier style on effort and comprehension.},
  journal = {Empirical Software Engineering},
  year = {2013},
  volume = {18},
  pages = {219–276},
  number = {2},
  note = {(early access)},
  added-at = {2013-04-28T21:08:10.000+0200},
  affiliation = {Department of Computer Science, Loyola University Maryland, Baltimore,
	MD 21210-2699, USA},
  biburl = {http://www.bibsonomy.org/bibtex/2ece47dd6d53289fdfb3e96a376994153/sjbutler},
  file = {:Binkley 2012 Impact of identifier style on effort.pdf:PDF},
  interhash = {4a0814e05c49d09f4346455bc4b9ee4c},
  intrahash = {ece47dd6d53289fdfb3e96a376994153},
  keywords = {identifier},
  publisher = {Springer Netherlands},
  x-fetchedfrom = {Bibsonomy}
}

@ARTICLE{BROOK82,
  author = {Brook, R.},
  title = {A theoretical analysis of the role of documentation in the comprehensionof
	computer programs.},
  journal = {Proceedings of the 1982 conference on Human factors in computingsystems.},
  year = {1982},
  pages = {125--129},
  file = {BROOK82.pdf:BROOK82.pdf:PDF},
  publisher = {ACM Press New York, NY, USA}
}

@INPROCEEDINGS{BCPT00,
  author = {Caprile, Bruno and Tonella, Paolo},
  title = {Restructuring program identifier names.},
  booktitle = {Proc. Int'l Conf. on Software Maintenance},
  year = {2000},
  pages = {97–107},
  publisher = {IEEE},
  added-at = {2009-12-15T20:40:48.000+0100},
  biburl = {http://www.bibsonomy.org/bibtex/2f87abbdb3c3c1920ba65cd9d1cdf1e7e/sjbutler},
  doi = {10.1109/ICSM.2000.883022},
  file = {BCPT00.pdf:BCPT00.pdf:PDF},
  interhash = {57ba06d5a70ea37da27aad7b56575ef3},
  intrahash = {f87abbdb3c3c1920ba65cd9d1cdf1e7e},
  keywords = {identifiers programming software},
  x-fetchedfrom = {Bibsonomy}
}

@INPROCEEDINGS{BCPT99,
  author = {Caprile, Bruno and Tonella, Paolo},
  title = {Nomen est omen: analyzing the language of function identifiers.},
  booktitle = {Proc. Sixth Working Conf. on Reverse Engineering},
  year = {1999},
  pages = {112–122},
  month = oct,
  publisher = {IEEE},
  added-at = {2009-12-15T20:41:26.000+0100},
  biburl = {http://www.bibsonomy.org/bibtex/23a6f30c46b7a2588d8719ac83971b818/sjbutler},
  doi = {10.1109/WCRE.1999.806952},
  file = {BCPT99.pdf:BCPT99.pdf:PDF},
  interhash = {b93c1b01138cfea0f13ecde84b05791f},
  intrahash = {3a6f30c46b7a2588d8719ac83971b818},
  keywords = {identifiers programming software},
  x-fetchedfrom = {Bibsonomy}
}

@INPROCEEDINGS{DFPM05,
  author = {DeiBenbock, Florian and Pizka, Markus},
  title = {Concise and Consistent Naming.},
  booktitle = {IWPC},
  year = {2005},
  pages = {97–106},
  publisher = {IEEE Computer Society},
  abstract = {dblp},
  added-at = {2007-06-26T00:00:00.000+0200},
  biburl = {http://www.bibsonomy.org/bibtex/27e97fd7cdfb6b85e62c22c197ae1946d/dblp},
  date = {2007-06-26},
  ee = {http://dx.doi.org/10.1109/WPC.2005.14},
  file = {DFPM05.pdf:DFPM05.pdf:PDF},
  interhash = {b1f3d50f3999100e9aa9296a537c4cc9},
  intrahash = {7e97fd7cdfb6b85e62c22c197ae1946d},
  isbn = {0-7695-2254-8},
  keywords = {dblp},
  url = {http://dblp.uni-trier.de/db/conf/iwpc/iwpc2005.html#DeisenbockP05},
  x-fetchedfrom = {Bibsonomy}
}

@INPROCEEDINGS{TERD01,
  author = {Eisenbarth, Thomas and Koschke, Rainer and Simon, Daniel},
  title = {Aiding Program Comprehension by Static and Dynamic Feature Analysis.},
  booktitle = {ICSM},
  year = {2001},
  pages = {602-611},
  abstract = {dblp},
  added-at = {2002-03-07T00:00:00.000+0100},
  biburl = {http://www.bibsonomy.org/bibtex/2a03150d1618512bc7641bfac1e215b50/dblp},
  date = {2002-03-07},
  ee = {http://computer.org/proceedings/icsm/1189/11890602abs.htm},
  file = {TERD01.pdf:TERD01.pdf:PDF},
  interhash = {caef541c902fa56aa0197d4d996f4937},
  intrahash = {a03150d1618512bc7641bfac1e215b50},
  keywords = {dblp},
  url = {http://dblp.uni-trier.de/db/conf/icsm/icsm2001.html#EisenbarthKS01},
  x-fetchedfrom = {Bibsonomy}
}

@BOOK{ERNS99,
  title = {Fundamentals of Database Systems},
  publisher = {Addison-Wesley Longman Publishing Co., Inc.},
  year = {1999},
  editor = {Shanklin, Carter},
  author = {Elmasri, Ramez A. and Navathe, Shankrant B.},
  address = {Boston, MA, USA},
  edition = {3rd},
  isbn = {0805317554}
}

@INPROCEEDINGS{DWE04,
  author = {Embley, David W},
  title = {Toward semantic understanding: an approach based on information extraction
	ontologies},
  booktitle = {Proceedings of the 15th Australasian database conference-Volume 27},
  year = {2004},
  pages = {3-12},
  organization = {Australian Computer Society, Inc.},
  file = {DWE04.pdf:DWE04.pdf:PDF}
}

@INPROCEEDINGS{EHPV09,
  author = {Enslen, E. and Hill, E. and Pollock, L. and Vijay-Shanker, K.},
  title = {Mining source code to automatically split identifiers for software
	analysis.},
  booktitle = {6th IEEE International Working Conference on Mining Software Repositories.},
  year = {2009},
  pages = {71–80},
  month = {may.},
  publisher = {IEEE},
  added-at = {2010-10-13T12:33:50.000+0200},
  biburl = {http://www.bibsonomy.org/bibtex/23fea5f8e54366f6d4393d311fcb2a24a/sjbutler},
  doi = {10.1109/MSR.2009.5069482},
  file = {EHPV09.pdf:EHPV09.pdf:PDF},
  interhash = {943430182791797fabea008dcb2ba5cc},
  intrahash = {3fea5f8e54366f6d4393d311fcb2a24a},
  keywords = {softwaremaintenance identifier\_splitting},
  x-fetchedfrom = {Bibsonomy}
}

@INPROCEEDINGS{FBL06,
  author = {Henry Feild and David Binkley and Dawn Lawrie},
  title = {An empirical comparison of techniques for extracting concept abbreviations
	from identifiers},
  booktitle = {Proceedings of IASTED International Conference on Software Engineering
	and Applications.},
  year = {2006},
  file = {FBL06.pdf:FBL06.pdf:PDF}
}

@INPROCEEDINGS{HDD06,
  author = {Henry Feild and David Binkley and Dawn Lawrie},
  title = {Identifier splitting: A study of two techniques.},
  booktitle = {Proceedings of the Mid-Atlantic Student Workshop on Programming Languages
	and Systems.},
  year = {2006},
  pages = {154-160},
  file = {HDD06.pdf:HDD06.pdf:PDF},
  journal = {Mid-Atlantic Student Workshop on Programming Languages and Systems
	Rutgers University}
}

@ARTICLE{FFCW01,
  author = {Feng, Fangfang and Croft, W. Bruce},
  title = {Probabilistic techniques for phrase extraction.},
  journal = {Inf. Process. Manage.},
  year = {2001},
  volume = {37},
  pages = {199–220},
  number = {2},
  added-at = {2011-07-08T00:00:00.000+0200},
  biburl = {http://www.bibsonomy.org/bibtex/284a79d0e58d3cc3f6850d36e52c07627/dblp},
  ee = {http://dx.doi.org/10.1016/S0306-4573(00)00029-7},
  file = {FFCW01.pdf:FFCW01.pdf:PDF},
  interhash = {96d213015f1e7c834170f7605194868a},
  intrahash = {84a79d0e58d3cc3f6850d36e52c07627},
  keywords = {dblp},
  url = {http://dblp.uni-trier.de/db/journals/ipm/ipm37.html#FengC01},
  x-fetchedfrom = {Bibsonomy}
}

@INPROCEEDINGS{JDPH08,
  author = {Freitas, Jos{\'e} Lu{\'\i}s and da Cruz, Daniela and Henriques, Pedro
	Rangel},
  title = {The role of comments on program comprehension},
  booktitle = {INForum},
  year = {2008},
  file = {JDPH08.pdf:JDPH08.pdf:PDF}
}

@INPROCEEDINGS{WHAFVR11,
  author = {Wilhelm Hasselbring and Andreas Fuhr and Volker Riediger},
  title = {First International Workshop on Model-Driven Software Migration (MDSM
	2011)},
  booktitle = {CSMR '11 Proceedings of the 2011 15th European Proceedings of the
	2011 15th European Conference on Software Maintenance and Reengineering
	(CSMR 2011)},
  year = {2011},
  pages = {299--300},
  address = {Washington, DC, USA},
  month = {M{\"a}rz},
  publisher = {IEEE Computer Society},
  file = {WHAFVR11.pdf:WHAFVR11.pdf:PDF},
  keywords = {Model-Driven Software Migration},
  url = {http://oceanrep.geomar.de/24406/}
}

@INPROCEEDINGS{EZH08,
  author = {Hill, Emily and Fry, Zachary P. and Boyd, Haley and Sridhara, Giriprasad
	and Novikova, Yana and Pollock, Lori and Vijay-Shanker, K.},
  title = {AMAP: Automatically Mining Abbreviation Expansions in Programs to
	Enhance Software Maintenance Tools.},
  booktitle = {Proceedings of the 5th Int'l Working Conf. on Mining Software Repositories.},
  year = {2008},
  pages = {79–88},
  publisher = {ACM},
  added-at = {2010-12-14T17:18:48.000+0100},
  biburl = {http://www.bibsonomy.org/bibtex/20be453983c82bed9750260446f600f49/sjbutler},
  file = {EZH08.pdf:EZH08.pdf:PDF},
  interhash = {5f529138f7ab4083361c1539acf42f54},
  intrahash = {0be453983c82bed9750260446f600f49},
  keywords = {identifier},
  x-fetchedfrom = {Bibsonomy}
}

@INBOOK{STD610,
  title = {Standard Glossary of Software Engineering Terminology 610.12-1990.},
  publisher = {IEEE Press},
  year = {1999},
  author = {IEEE},
  volume = {1},
  abstract = {AOEvolutionchapter short paper},
  added-at = {2007-09-26T12:09:12.000+0200},
  biburl = {http://www.bibsonomy.org/bibtex/2d59e941fd54f53376acd17fa54d9dbe3/kimmens},
  booktitle = {{IEEE Standards Software Engineering, Volume One: Customer and Terminology
	Standards}},
  interhash = {dbf74fa25ca1534eff13bd0c74627bda},
  intrahash = {d59e941fd54f53376acd17fa54d9dbe3},
  keywords = {engineering software},
  x-fetchedfrom = {Bibsonomy}
}

@ARTICLE{STD1219,
  author = {IEEE},
  title = {IEEE Standard for Software Maintenance},
  journal = {IEEE Std 1219-1998},
  year = {1998},
  pages = {i–},
  abstract = {The process for managing and executing software maintenance activities
	is described.},
  arnumber = {720567},
  doi = {10.1109/IEEESTD.1998.88278},
  keywords = {software maintenance; IEEE Std 1219-1998; IEEE standard; software
	life-cycle; software maintenance activities management; software
	maintenance activity execution},
  x-fetchedfrom = {IEEEXplore}
}

@ARTICLE{DLFB06,
  author = {Lawrie, Dawn and Feild, Henry and Binkley, David},
  title = {Quantifying identifier quality: an analysis of trends},
  journal = {Empirical Software Engineering},
  year = {2007},
  volume = {12},
  pages = {359-388},
  number = {4},
  doi = {10.1007/s10664-006-9032-2},
  file = {DLFB06.pdf:DLFB06.pdf:PDF},
  issn = {1382-3256},
  keywords = {Software quality characterizations; Program analysis; Source code},
  language = {English},
  publisher = {Kluwer Academic Publishers-Plenum Publishers},
  url = {http://dx.doi.org/10.1007/s10664-006-9032-2}
}

@INPROCEEDINGS{LFBEX07,
  author = {Lawrie, D. and Feild, H. and Binkley, D.},
  title = {Extracting Meaning from Abbreviated Identifiers.},
  booktitle = {Source Code Analysis and Manipulation, 2007. SCAM 2007. Seventh IEEE
	International Working Conference on},
  year = {2007},
  pages = {213–222},
  month = {Sept},
  arnumber = {4362915},
  doi = {10.1109/SCAM.2007.17},
  file = {LFBEX07.pdf:LFBEX07.pdf:PDF},
  keywords = {reverse engineering; software quality; abbreviated program identifier
	meaning extraction; program comprehension; program understandability;
	software quality; syntactic violation identification; Dictionaries;
	Documentation; Educational institutions; Information retrieval; Libraries;
	Natural languages; Programming profession; Software engineering;
	Software quality; USA Councils; Program Comprehension; Program Identifiers;
	Software Quality},
  x-fetchedfrom = {IEEEXplore}
}

@INPROCEEDINGS{DLHD06,
  author = {Lawrie, Dawn and Feild, Henry and Binkley, David},
  title = {Syntactic Identifier Conciseness and Consistency.},
  booktitle = {SCAM},
  year = {2006},
  pages = {139–148},
  publisher = {IEEE Computer Society},
  abstract = {dblp},
  added-at = {2006-11-08T00:00:00.000+0100},
  biburl = {http://www.bibsonomy.org/bibtex/258ade946261d0a34dbe2e17b712b4300/dblp},
  date = {2006-11-08},
  ee = {http://doi.ieeecomputersociety.org/10.1109/SCAM.2006.31},
  file = {DLHD06.pdf:DLHD06.pdf:PDF},
  interhash = {26dc5d3f1e5bba577745d1cb4025cb83},
  intrahash = {58ade946261d0a34dbe2e17b712b4300},
  isbn = {0-7695-2353-6},
  keywords = {dblp},
  url = {http://dblp.uni-trier.de/db/conf/scam/scam2006.html#LawrieFB06},
  x-fetchedfrom = {Bibsonomy}
}

@INPROCEEDINGS{DCHD06,
  author = {Lawrie, D. and Morrell, C. and Feild, H. and Binkley, D.},
  title = {What's in a Name? A Study of Identifiers.},
  booktitle = {Program Comprehension, 2006. ICPC 2006. 14th IEEE International Conference
	on.},
  year = {2006},
  pages = {3–12},
  month = {June},
  arnumber = {1631100},
  doi = {10.1109/ICPC.2006.51},
  file = {DCHD06.pdf:DCHD06.pdf:PDF},
  issn = {1092-8138},
  keywords = {reverse engineering; program comments; program comprehension; program
	identifier names; Code standards; Computer science; Data mining;
	Educational institutions; Natural languages; Production; Programming
	profession; Quality assessment; Software quality; Software systems},
  x-fetchedfrom = {IEEEXplore}
}

@ARTICLE{VMAVA95,
  author = {von Mayrhauser, A and Vans, AM.},
  title = {Program comprehension during software maintenance and evolution.},
  journal = {Computer},
  year = {1995},
  volume = {28},
  pages = {44–55},
  number = {8},
  month = {Aug},
  arnumber = {402076},
  doi = {10.1109/2.402076},
  file = {VMAVA95.pdf:VMAVA95.pdf:PDF},
  issn = {0018-9162},
  keywords = {human factors; large-scale systems; reverse engineering; software
	maintenance; bottom-up model; code cognition models; data availability;
	experimental procedures; integrated metamodel; large-scale code;
	partial understanding; program code understanding; program comprehension
	models; scalability; software evolution; software maintenance; specialized
	tasks; top-down model; Application software; Cognition; Cognitive
	science; Computer architecture; Documentation; Large-scale systems;
	Programming profession; Round robin; Scalability; Software maintenance},
  x-fetchedfrom = {IEEEXplore}
}

@ARTICLE{MPOB03,
  author = {O’brien, Michael P},
  title = {Software comprehension--a review \& research direction},
  journal = {Department of Computer Science \& Information Systems University
	of Limerick, Ireland, Technical Report.},
  year = {2003},
  file = {MPOB03.pdf:MPOB03.pdf:PDF}
}

@BOOK{RSPMGH02,
  title = {Software Engineering - A Practitioner's Approach.},
  publisher = {McGraw-Hill},
  year = {2001},
  author = {Pressman, Roger S.},
  edition = {5},
  added-at = {2009-10-14T21:30:02.000+0200},
  biburl = {http://www.bibsonomy.org/bibtex/28083a5862f11aae0533a3e2a0a16a542/magsilva},
  file = {RSPMGH02.pdf:RSPMGH02.pdf:PDF},
  interhash = {37a6c4c497fd25803e35cf65eb3f8395},
  intrahash = {8083a5862f11aae0533a3e2a0a16a542},
  keywords = {imported},
  owner = {magsilva},
  timestamp = {2008.07.31},
  x-fetchedfrom = {Bibsonomy}
}

@BOOK{TSTA80,
  title = {Data structure techniques},
  publisher = {Addison-Wesley},
  year = {1980},
  author = {Standish, T.A.},
  series = {Computer Sciences},
  isbn = {9780201072563},
  lccn = {lc78067454}
}

@INPROCEEDINGS{MAS05,
  author = {Storey, M.},
  title = {Theories, methods and tools in program comprehension: past, present
	and future.},
  booktitle = {Program Comprehension, 2005. IWPC 2005. Proceedings. 13th International
	Workshop on.},
  year = {2005},
  pages = {181–191},
  month = {May},
  arnumber = {1421034},
  doi = {10.1109/WPC.2005.38},
  file = {MAS05.pdf:MAS05.pdf:PDF},
  issn = {1092-8138},
  keywords = {cognition; reverse engineering; software tools; human characteristics;
	program characteristics; program comprehension tools; Buildings;
	Computer science; Conferences; Electronic mail; History; Humans;
	Programming profession; Silver; Software engineering; Software tools},
  x-fetchedfrom = {IEEEXplore}
}

@ARTICLE{STOREY99,
  author = {Storey, M. A. and Fracchia, F. D. and M{\"u}ller, H. A.},
  title = {Cognitive design elements to support the construction of a mental
	model during software exploration.},
  journal = {The Journal of Systems \& Software.},
  year = {1999},
  volume = {44},
  pages = {171--185},
  number = {3},
  file = {STOREY99.pdf:STOREY99.pdf:PDF},
  publisher = {Elsevier}
}

@INPROCEEDINGS{PFT02,
  author = {Tiako, P.F.},
  title = {Maintenance in joint software development.},
  booktitle = {Computer Software and Applications Conference, 2002. COMPSAC 2002.
	Proceedings. 26th Annual International.},
  year = {2002},
  pages = {1077–1080},
  arnumber = {1045152},
  doi = {10.1109/CMPSAC.2002.1045152},
  file = {PFT02.pdf:PFT02.pdf:PDF},
  issn = {0730-3157},
  keywords = {business data processing; software maintenance; software process improvement;
	software tools; background skills; geographically dispersed qualified
	human resources; geographically dispersed virtual enterprises; joint
	software development maintenance; software process; software tools;
	working methods; Computer science; Computer vision; Contracts; Humans;
	Physics computing; Programming; Software maintenance; Software performance;
	Software quality; Software tools},
  x-fetchedfrom = {IEEEXplore}
}

@MISC{TIE89,
  author = {Tim Tiemens},
  title = {Cognitive Models of Program Comprehension},
  year = {1989},
  file = {TIE89.ps:TIE89.ps:PostScript}
}

@INPROCEEDINGS{MMFAF08,
  author = {Torchiano, Marco and Penta, Massimiliano Di and Ricca, Filippo and
	Lucia, Andrea De and Lanubile, Filippo},
  title = {Software migration projects in Italian industry: Preliminary results
	from a state of the practice survey.},
  booktitle = {ASE Workshops.},
  year = {2008},
  pages = {35–42},
  publisher = {IEEE},
  abstract = {dblp},
  added-at = {2009-03-02T00:00:00.000+0100},
  biburl = {http://www.bibsonomy.org/bibtex/20faaffaccdd46fabc03978016a68cd3c/dblp},
  date = {2009-03-02},
  ee = {http://dx.doi.org/10.1109/ASEW.2008.4686319},
  file = {MMFAF08.pdf:MMFAF08.pdf:PDF},
  interhash = {3e8070545fcf9abc60cfe3afbf128b21},
  intrahash = {0faaffaccdd46fabc03978016a68cd3c},
  isbn = {978-1-4244-2776-5},
  keywords = {dblp},
  url = {http://dblp.uni-trier.de/db/conf/kbse/asew2008.html#TorchianoPRLL08},
  x-fetchedfrom = {Bibsonomy}
}

%nueva:

@inproceedings{LOPT00,
  abstract = "dblp",
  added-at = "2002-12-11T00:00:00.000+0100",
  author = "Larkey, Leah S. and Ogilvie, Paul and Price, M. Andrew and Tamilio, Brenden",
  biburl = "http://www.bibsonomy.org/bibtex/2bf63b604284404761f91da7ec13f2ae2/dblp",
  booktitle = "{ACM DL}",
  date = "2002-12-11",
  ee = "http://doi.acm.org/10.1145/336597.336664",
  interhash = "3d74ea87d5a856f90f91d8059ee0f2bd",
  intrahash = "bf63b604284404761f91da7ec13f2ae2",
  keywords = "dblp",
  pages = "205–214",
  title = "{Acrophile: an automated acronym extractor and server.}",
  url = "http://dblp.uni-trier.de/db/conf/dl/dl2000.html#LarkeyOPT00",
  x-fetchedfrom = "Bibsonomy",
  year = 2000
}

@article{LDFHB07,
  added-at = "2009-12-30T15:21:56.000+0100",
  author = "Lawrie, Dawn and Feild, Henry and Binkley, David",
  biburl = "http://www.bibsonomy.org/bibtex/296136b1e19b2c526a0cbfdf7a9790d1b/sjbutler",
  interhash = "43e8756ac32d687d8e61d414d45c5dc3",
  intrahash = "96136b1e19b2c526a0cbfdf7a9790d1b",
  journal = "Journal of Software Maintenance and Evolution: Research and Practice",
  keywords = "concise identifiers consistent",
  number = 4,
  pages = "205–229",
  title = "{An empirical study of rules for well-formed identifiers}",
  volume = 19,
  x-fetchedfrom = "Bibsonomy",
  year = 2007
}

@article{ACCL02,
  added-at = "2007-03-17T15:34:03.000+0100",
  author = "Antoniol, G. and Canfora, G. and Casazza, G. and Lucia, A. De and Merlo, E.",
  biburl = "http://www.bibsonomy.org/bibtex/2cf39fe7c85222c853f93c664c8033a10/yijunyu",
  citeulike-article-id = "606299",
  interhash = "5d80365c57dc740ea60aff84c656a8bc",
  intrahash = "cf39fe7c85222c853f93c664c8033a10",
  journal = "Software Engineering, IEEE Transactions on",
  keywords = "traceability",
  number = 10,
  pages = "970–983",
  priority = "4",
  title = "{Recovering traceability links between code and documentation}",
  url = "http://ieeexplore.ieee.org/xpls/abs_all.jsp?arnumber=1041053",
  volume = 28,
  x-fetchedfrom = "Bibsonomy",
  year = 2002
}

@article { AMPM11,
  author  = "Albanes, José Luís and Berón, Mario and Henriques, Pedro and Pereira, Maria João",
  title = "Estrategias para relacionar el dominio del problema con el dominio del programa para la comprensión de programas",
  journal = {XIII Workshop de Investigadores en Ciencias de la Computación},
  isbn = "978-950-673-892-1",
  pages = "449-453",
  year  = 2011
}